<record><leader>00000cas a22000007a 4500</leader><controlfield tag="001">20314122</controlfield><controlfield tag="008">890908d18891953aruwr ne      0    0eng d</controlfield><datafield ind1=" " ind2=" " tag="010"><subfield code="a">sn 89051365 </subfield></datafield><datafield ind1=" " ind2=" " tag="040"><subfield code="a">ANU</subfield><subfield code="b">eng</subfield><subfield code="c">ANU</subfield><subfield code="d">OCLCQ</subfield><subfield code="d">OCLCF</subfield><subfield code="d">OCLCO</subfield></datafield><datafield ind1=" " ind2=" " tag="042"><subfield code="a">msc</subfield></datafield><datafield ind1=" " ind2=" " tag="043"><subfield code="a">n-us-ar</subfield></datafield><datafield ind1="0" ind2=" " tag="130"><subfield code="a">White County citizen (Searcy, Ark. : 1889)</subfield></datafield><datafield ind1="1" ind2="0" tag="245"><subfield code="a">White County citizen.</subfield></datafield><datafield ind1=" " ind2=" " tag="260"><subfield code="a">Searcy, Ark. :</subfield><subfield code="b">[Citizen Pub. Co.]</subfield></datafield><datafield ind1=" " ind2=" " tag="300"><subfield code="a">v.</subfield></datafield><datafield ind1=" " ind2=" " tag="310"><subfield code="a">Weekly</subfield></datafield><datafield ind1="1" ind2=" " tag="362"><subfield code="a">Began in 1889.</subfield></datafield><datafield ind1="0" ind2=" " tag="362"><subfield code="a">-63rd year, no. 84 (Sept. 23, 1953).</subfield></datafield><datafield ind1=" " ind2=" " tag="515"><subfield code="a">Numbering is irregular.</subfield></datafield><datafield ind1=" " ind2=" " tag="580"><subfield code="a">Absorbed: Searcy morning call (non-extant), and: Arkansas beacon, and: Searcy weekly times.</subfield></datafield><datafield ind1=" " ind2=" " tag="588"><subfield code="a">Description based on: Vol. 23, no. 23 (June 11, 1913).</subfield></datafield><datafield ind1=" " ind2="0" tag="651"><subfield code="a">Searcy (Ark.)</subfield><subfield code="v">Newspapers.</subfield></datafield><datafield ind1=" " ind2="7" tag="655"><subfield code="a">Newspapers.</subfield><subfield code="2">fast</subfield><subfield code="0">(OCoLC)fst01423814</subfield></datafield><datafield ind1=" " ind2="7" tag="651"><subfield code="a">Arkansas</subfield><subfield code="z">Searcy.</subfield><subfield code="2">fast</subfield><subfield code="0">(OCoLC)fst01216829</subfield></datafield><datafield ind1=" " ind2=" " tag="752"><subfield code="a">United States</subfield><subfield code="b">Arkansas</subfield><subfield code="c">White</subfield><subfield code="d">Searcy.</subfield></datafield><datafield ind1="0" ind2=" " tag="775"><subfield code="t">Daily citizen (Searcy, Ark. : 1890)</subfield><subfield code="w">(DLC)sn 84009981</subfield></datafield><datafield ind1="0" ind2=" " tag="775"><subfield code="t">Searcy daily citizen</subfield><subfield code="w">(DLC)sn 91050151</subfield></datafield><datafield ind1="0" ind2="0" tag="780"><subfield code="t">Des Arc citizen (Des Arc, Ark. : 1876)</subfield><subfield code="w">(DLC)sn 84022942</subfield></datafield><datafield ind1="1" ind2="5" tag="780"><subfield code="t">Searcy morning call</subfield></datafield><datafield ind1="1" ind2="5" tag="780"><subfield code="t">Arkansas beacon</subfield><subfield code="w">(DLC)sn 91050154</subfield></datafield><datafield ind1="1" ind2="5" tag="780"><subfield code="t">Searcy weekly times</subfield><subfield code="w">(DLC)sn 89051344</subfield></datafield><datafield ind1="0" ind2="0" tag="785"><subfield code="t">White County weekly citizen</subfield><subfield code="w">(DLC)sn 91050152</subfield></datafield></record>